<?xml version="1.0" encoding="UTF-8"?><collection xmlns="http://www.loc.gov/MARC21/slim"><record><leader>00469nam--2200145-i-4500</leader><controlfield tag="001">000022333</controlfield><controlfield tag="002">20161230</controlfield><controlfield tag="005">20170128185844</controlfield><controlfield tag="008">060222s1000------------r-----000-0-eng-d</controlfield><datafield ind1=" " ind2=" " tag="100"><subfield code="a">Gheorghiu, Gh.Th</subfield></datafield><datafield ind1=" " ind2=" " tag="245"><subfield code="a">Geografie diferentiala. Proprietatile metrice ale curbelor si suprafeteleor intr-un spatiu euclidian cu trei dimensiuni</subfield></datafield><datafield ind1=" " ind2=" " tag="260"><subfield code="a">Bucuresti</subfield><subfield code="b">Editura Didactica Si Pedagogica</subfield><subfield code="c">1964</subfield></datafield><datafield ind1=" " ind2=" " tag="300"><subfield code="a">374 p</subfield></datafield><datafield ind1=" " ind2=" " tag="852"><subfield code="a">9877</subfield><subfield code="c">513</subfield></datafield><datafield ind1=" " ind2=" " tag="CAT"><subfield code="a">SYS</subfield><subfield code="c">20170128</subfield><subfield code="h">185844</subfield></datafield></record></collection>